<?xml version="1.0" encoding="UTF-8"?><collection xmlns="http://www.loc.gov/MARC21/slim"><record><leader>00389nam--2200121-i-4500</leader><controlfield tag="001">000018182</controlfield><controlfield tag="002">20161230</controlfield><controlfield tag="005">20161230201032</controlfield><controlfield tag="008">060222s1000------------r-----000-0-eng-d</controlfield><datafield ind1=" " ind2=" " tag="100"><subfield code="a">Fisher, R.A. And Yates, F</subfield></datafield><datafield ind1=" " ind2=" " tag="245"><subfield code="a">Statistical tables for biological,agricultural and medical research.5-th edition revised and enlarged</subfield></datafield><datafield ind1=" " ind2=" " tag="260"><subfield code="a">London, Oliver And Boyd, 1957.  X + 138 P</subfield></datafield><datafield ind1=" " ind2=" " tag="852"><subfield code="a">13447</subfield></datafield></record></collection>